% Encoding: UTF-8

@Article{,
}

@Article{2020,
  author    = {Julian Kozlowski and Laura Veldkamp and Venky Venkateswaran},
  title     = {The Tail That Wags the Economy: Beliefs and Persistent Stagnation},
  year      = {2020},
  month     = {aug},
  number    = {8},
  pages     = {2839--2879},
  volume    = {128},
  doi       = {10.1086/707735},
  publisher = {University of Chicago Press},
}

@Article{2020,
  author    = {Niels Joachim Gormsen and Ralph S. J. Koijen},
  title     = {Coronavirus: Impact on Stock Prices and Growth Expectations},
  year      = {2020},
  doi       = {10.2139/ssrn.3555917},
  publisher = {Elsevier {BV}},
}

@Comment{jabref-meta: databaseType:bibtex;}
