@article{Black1973,
  doi = {10.1086/260062},
  url = {https://doi.org/10.1086/260062},
  year = {1973},
  month = may,
  publisher = {University of Chicago Press},
  volume = {81},
  number = {3},
  pages = {637--654},
  author = {Fischer Black and Myron Scholes},
  title = {The Pricing of Options and Corporate Liabilities},
  journal = {Journal of Political Economy}
}
@article{pursiainen2020cultural,
  title={Cultural biases in equity analysis},
  author={Pursiainen, Vesa},
  journal={Journal of Finance, Forthcoming},
  year={2020}
}
@article{barras2020skill,
  title={Skill, scale, and value creation in the mutual fund industry},
  author={Barras, Laurent and Gagliardini, Patrick and Scaillet, Olivier},
  journal={Swiss Finance Institute Research Paper},
  number={18-66},
  year={2020}
}